@book{hume_78,
  address   = {Oxford},
  title     = {A Treatise of Human Nature},
  publisher = {Oxford University Press},
  author    = {Hume, David},
  year      = {1978}
}

 @book{woolf_81,
  address   = {Boston},
  title     = {To the Lighthouse},
  publisher = {Mariner Books},
  author    = {Woolf, Virginia},
  year      = {1981}
} 